<record><leader>00000cas a22000007i 4500</leader><controlfield tag="001">862979025</controlfield><controlfield tag="006">m     o  d        </controlfield><controlfield tag="007">cr |n|000|||||</controlfield><controlfield tag="008">751101d18681915mnuwr neo     0   a0eng  </controlfield><datafield ind1=" " ind2=" " tag="010"><subfield code="a">  2013272180</subfield></datafield><datafield ind1=" " ind2=" " tag="040"><subfield code="a">Nz</subfield><subfield code="b">eng</subfield><subfield code="e">rda</subfield><subfield code="c">Z5A</subfield><subfield code="d">DLC</subfield><subfield code="d">OCLCF</subfield></datafield><datafield ind1="0" ind2=" " tag="022"><subfield code="a">2332-7359</subfield><subfield code="2">1</subfield></datafield><datafield ind1="0" ind2=" " tag="029"><subfield code="a">NZ1</subfield><subfield code="b">15127519</subfield></datafield><datafield ind1=" " ind2=" " tag="042"><subfield code="a">msc</subfield><subfield code="a">nsdp</subfield></datafield><datafield ind1=" " ind2=" " tag="043"><subfield code="a">n-us-mn</subfield></datafield><datafield ind1="1" ind2="0" tag="050"><subfield code="a">ISSN RECORD</subfield></datafield><datafield ind1="0" ind2="0" tag="082"><subfield code="a">071</subfield><subfield code="2">23</subfield></datafield><datafield ind1="0" ind2=" " tag="130"><subfield code="a">Mower County transcript (Online)</subfield></datafield><datafield ind1=" " ind2="0" tag="222"><subfield code="a">Mower County transcript</subfield><subfield code="b">(Online)</subfield></datafield><datafield ind1="1" ind2="0" tag="245"><subfield code="a">Mower County transcript.</subfield></datafield><datafield ind1="1" ind2="3" tag="246"><subfield code="a">Mower Co. transcript</subfield></datafield><datafield ind1=" " ind2="1" tag="264"><subfield code="a">Austin, Mower County, Minn. :</subfield><subfield code="b">Colwell &amp; Boardman</subfield></datafield><datafield ind1=" " ind2=" " tag="300"><subfield code="a">1 online resource</subfield></datafield><datafield ind1=" " ind2=" " tag="310"><subfield code="a">Weekly</subfield></datafield><datafield ind1=" " ind2=" " tag="336"><subfield code="a">text</subfield><subfield code="b">txt</subfield><subfield code="2">rdacontent</subfield></datafield><datafield ind1=" " ind2=" " tag="337"><subfield code="a">computer</subfield><subfield code="b">c</subfield><subfield code="2">rdamedia</subfield></datafield><datafield ind1=" " ind2=" " tag="338"><subfield code="a">online resource</subfield><subfield code="b">cr</subfield><subfield code="2">rdacarrier</subfield></datafield><datafield ind1="1" ind2=" " tag="362"><subfield code="a">Began with April 16, 1868 issue; ceased with vol. XLVIII, no. 12 (May 26, 1915.)</subfield></datafield><datafield ind1=" " ind2=" " tag="500"><subfield code="a">Published at Lansing, Minn., Apr.-Dec. 1868; at Austin, Minn., Dec. 1868-1915.</subfield></datafield><datafield ind1=" " ind2=" " tag="588"><subfield code="a">Description based on: Vol. 2, no. 14 (July 15, 1869); title from masthead (Chroniclingamerica.loc.gov, viewed December 18, 2013).</subfield></datafield><datafield ind1=" " ind2=" " tag="588"><subfield code="a">Latest issue consulted: Vol. XLVIII, no. 12 (May 26, 1915) (Chroniclingamerica.loc.gov, viewed December 18, 2013).</subfield></datafield><datafield ind1=" " ind2="0" tag="651"><subfield code="a">Austin (Minn.)</subfield><subfield code="v">Newspapers.</subfield></datafield><datafield ind1=" " ind2="0" tag="651"><subfield code="a">Mower County (Minn.)</subfield><subfield code="v">Newspapers.</subfield></datafield><datafield ind1=" " ind2="7" tag="655"><subfield code="a">Newspapers.</subfield><subfield code="2">fast</subfield><subfield code="0">(OCoLC)fst01423814</subfield></datafield><datafield ind1=" " ind2="7" tag="651"><subfield code="a">Minnesota</subfield><subfield code="z">Austin.</subfield><subfield code="2">fast</subfield><subfield code="0">(OCoLC)fst01206372</subfield></datafield><datafield ind1=" " ind2="7" tag="651"><subfield code="a">Minnesota</subfield><subfield code="z">Mower County.</subfield><subfield code="2">fast</subfield><subfield code="0">(OCoLC)fst01216341</subfield></datafield><datafield ind1=" " ind2=" " tag="752"><subfield code="a">United States</subfield><subfield code="b">Minnesota</subfield><subfield code="c">Mower</subfield><subfield code="d">Austin.</subfield></datafield><datafield ind1=" " ind2=" " tag="752"><subfield code="a">United States</subfield><subfield code="b">Minnesota</subfield><subfield code="c">Mower</subfield><subfield code="d">Lansing.</subfield></datafield><datafield ind1="0" ind2="8" tag="776"><subfield code="i">Originally issued in print:</subfield><subfield code="t">Mower County transcript</subfield><subfield code="x">2332-7340</subfield><subfield code="w">(DLC)sn 85025431</subfield><subfield code="w">(OCoLC)1758795</subfield></datafield><datafield ind1="0" ind2="5" tag="780"><subfield code="t">Brownsdale leaflet (Online)</subfield></datafield><datafield ind1="0" ind2="7" tag="785"><subfield code="t">Mower County Republican (Austin, Minn. : 1908 : Online)</subfield></datafield><datafield ind1="0" ind2="7" tag="785"><subfield code="t">Mower County transcript-republican (Online)</subfield></datafield><datafield ind1="4" ind2="0" tag="856"><subfield code="u">http://www.loc.gov/chroniclingamerica/lccn/sn85025431/issues</subfield></datafield></record>